<?xml version="1.0" encoding="UTF-8"?><collection xmlns="http://www.loc.gov/MARC21/slim"><record><leader>00463nam--2200181-i-4500</leader><controlfield tag="001">000044125</controlfield><controlfield tag="002">20161230</controlfield><controlfield tag="005">20161230201044</controlfield><controlfield tag="008">060222s1000------------r-----000-0-rus-d</controlfield><datafield ind1=" " ind2=" " tag="040"><subfield code="a">IFIN-HH</subfield></datafield><datafield ind1=" " ind2=" " tag="041"><subfield code="a">rus</subfield></datafield><datafield ind1=" " ind2=" " tag="080"><subfield code="a">519.876</subfield></datafield><datafield ind1="1" ind2=" " tag="100"><subfield code="a">Liosternika, L.A</subfield></datafield><datafield ind1="1" ind2="0" tag="245"><subfield code="a">Rascet fiziceskih polei metodami madelipovania</subfield><subfield code="c">L.a. liosternik</subfield></datafield><datafield ind1=" " ind2=" " tag="260"><subfield code="a">Moakva</subfield><subfield code="b">Masinostroenie</subfield><subfield code="c">1968</subfield></datafield><datafield ind1=" " ind2=" " tag="300"><subfield code="a">427P</subfield></datafield><datafield ind1=" " ind2=" " tag="852"><subfield code="a">76762</subfield><subfield code="c">53.02</subfield></datafield><datafield ind1=" " ind2=" " tag="CAT"><subfield code="a">Sys</subfield><subfield code="c">20151023</subfield><subfield code="h">101040</subfield></datafield></record></collection>